
@book{briggs:2002a,
  author = {
    Briggs, Andrew and
    Claxton, Karl and
    Sculpher, Mark
  },
  title = {Decision modelling for health economic evaluation},
  publisher = {Oxford University Press},
  location = {Oxford, UK},
  isbn =  {978-0-19-852662-9},
  date = {2006}
}

@article{chancellor:1997a,
  author = {
    Chancellor, Jeremy V. and
    Hill, Andrew M. and
    Sabin, Caroline A. and
    Simpson, Kit N. and
    Youle, Mike
  },
  title = {Modelling the cost effectiveness of Lamivudine/Zidovudine Combination Therapy in {HIV} Infection},
  journaltitle = {Pharmacoeconomics},
  date = {1997},
  volume = {12},
  issue = {1},
  pages = {54--66}
}

@article{evans:1997a,
  author = {
    Evans, Kenneth W. and
    Boan, John A. and
    Evans, John L. and
    Shuaib, Ashfaq
  },
  title = {Economic evaluation of oral Sumatriptan compared with oral Caffeine/Ergotamine for migraine},
  journaltitle = {Pharmacoeconomics},
  date = {1997},
  volume = {12},
  issue = {5},
  pages = {565-577}
}

@article{jenks:2016a,
  author = {
    Jenks, Michelle and
    Craig, Joyce A. and
    Green, William and
    Hewitt, Neil and
    Arber, Mick and
    Sims, Andrew J.
  },
  title = {{Tegaderm CHG IV} Securement Dressing for Central Venous and Arterial
           Catheter Insertion Sites: A {NICE Medical Technology Guidance}},
  journaltitle = {Applied Health Economics and Health Policy},
  date = {2016},
  volume = {14},
  pages =  {135-149}
}

@article{sonnenberg:1993a,
  title = {Markov Models in Medical Decision Making: A Practical Guide},
  author = {
    Sonnenberg, Frank A. and
    Beck, J. Robert
  },
  journaltitle = {Medical Decision Making},
  date = {1993},
  volume = {13},
  pages =  {322-339},
  doi = {10.1177/0272989X9301300409}
}

@article{bodycombe:2020a,
  title = {Puzzle 62, {Burger run}},
  author = {David Bodycombe},
  journaltitle = {New Scientist},
  date = {2020-06-06},
  volume = {246},
  number = {3285},
  pages = {54}
}
